{
  "leader": "03217cam a2200613Ia 4500",
  "fields": [
    {
      "001": "ocm44102101\\"
    },
    {
      "003": "OCoLC"
    },
    {
      "005": "20221205174456.0"
    },
    {
      "008": "991123s2000\\\\\\\\gw\\ab\\\\\\\\bc\\\\\\001\\0\\eng\\\\"
    },
    {
      "010": {
        "ind1": "\\",
        "ind2": "\\",
        "subfields": [
          {
            "a": "   99069131 "
          }
        ]
      }
    },
    {
      "040": {
        "ind1": "\\",
        "ind2": "\\",
        "subfields": [
          {
            "a": "DLC"
          },
          {
            "b": "eng"
          },
          {
            "c": "DLC"
          },
          {
            "d": "UKM"
          },
          {
            "d": "OHX"
          },
          {
            "d": "MBB"
          },
          {
            "d": "TXA"
          },
          {
            "d": "BAKER"
          },
          {
            "d": "NLGGC"
          },
          {
            "d": "BTCTA"
          },
          {
            "d": "YDXCP"
          },
          {
            "d": "SZ9XM"
          },
          {
            "d": "BMF"
          },
          {
            "d": "UKMGB"
          },
          {
            "d": "BDX"
          },
          {
            "d": "OCLCF"
          },
          {
            "d": "CNGUL"
          },
          {
            "d": "CNUTO"
          },
          {
            "d": "CSF"
          },
          {
            "d": "OCLCA"
          },
          {
            "d": "MNG"
          },
          {
            "d": "MTH"
          },
          {
            "d": "PAU"
          },
          {
            "d": "J9U"
          },
          {
            "d": "SFR"
          },
          {
            "d": "CTL"
          },
          {
            "d": "NJR"
          },
          {
            "d": "AVA"
          },
          {
            "d": "RCE"
          },
          {
            "d": "OCLCQ"
          },
          {
            "d": "OCLCO"
          },
          {
            "d": "DHA"
          },
          {
            "d": "OCLCQ"
          },
          {
            "d": "OCLCO"
          },
          {
            "d": "NTG"
          },
          {
            "d": "OCLCQ"
          },
          {
            "d": "YUS"
          },
          {
            "d": "OCLCO"
          }
        ]
      }
    },
    {
      "066": {
        "ind1": "\\",
        "ind2": "\\",
        "subfields": [
          {
            "c": "{dollar}1"
          }
        ]
      }
    },
    {
      "016": {
        "ind1": "7",
        "ind2": "\\",
        "subfields": [
          {
            "a": "007482629"
          },
          {
            "2": "Uk"
          }
        ]
      }
    },
    {
      "019": {
        "ind1": "\\",
        "ind2": "\\",
        "subfields": [
          {
            "a": "46984734"
          },
          {
            "a": "1008460027"
          }
        ]
      }
    },
    {
      "020": {
        "ind1": "\\",
        "ind2": "\\",
        "subfields": [
          {
            "a": "3791323415"
          }
        ]
      }
    },
    {
      "020": {
        "ind1": "\\",
        "ind2": "\\",
        "subfields": [
          {
            "a": "9783791323411"
          }
        ]
      }
    },
    {
      "035": {
        "ind1": "\\",
        "ind2": "\\",
        "subfields": [
          {
            "a": "(OCoLC)44102101"
          },
          {
            "z": "(OCoLC)46984734"
          },
          {
            "z": "(OCoLC)1008460027"
          }
        ]
      }
    },
    {
      "041": {
        "ind1": "1",
        "ind2": "\\",
        "subfields": [
          {
            "a": "eng"
          },
          {
            "h": "fre"
          }
        ]
      }
    },
    {
      "042": {
        "ind1": "\\",
        "ind2": "\\",
        "subfields": [
          {
            "a": "pcc"
          }
        ]
      }
    },
    {
      "043": {
        "ind1": "\\",
        "ind2": "\\",
        "subfields": [
          {
            "a": "f------"
          },
          {
            "a": "as-----"
          },
          {
            "a": "po-----"
          }
        ]
      }
    },
    {
      "050": {
        "ind1": "0",
        "ind2": "0",
        "subfields": [
          {
            "a": "NK6808"
          },
          {
            "b": ".B4613 2000"
          }
        ]
      }
    },
    {
      "072": {
        "ind1": "\\",
        "ind2": "7",
        "subfields": [
          {
            "a": "N"
          },
          {
            "2": "lcco"
          }
        ]
      }
    },
    {
      "082": {
        "ind1": "0",
        "ind2": "0",
        "subfields": [
          {
            "a": "739.752"
          },
          {
            "b": "BEN"
          }
        ]
      }
    },
    {
      "100": {
        "ind1": "1",
        "ind2": "\\",
        "subfields": [
          {
            "a": "Benitez-Johannot, Purissima,"
          },
          {
            "d": "1955-"
          }
        ]
      }
    },
    {
      "240": {
        "ind1": "1",
        "ind2": "0",
        "subfields": [
          {
            "a": "Boucliers d'Afrique, d'Asie du Sud-Est et d'Oce\u0301anie du muse\u0301e Barbier-Mueller."
          },
          {
            "l": "English"
          }
        ]
      }
    },
    {
      "245": {
        "ind1": "1",
        "ind2": "0",
        "subfields": [
          {
            "a": "Shields :"
          },
          {
            "b": "Africa, Southeast Asia, and Oceania : from the collections of the Barbier-Mueller Museum /"
          },
          {
            "c": "Benitez & Barbier ; introduction by Alain-Michel Boyer ; [translation from the French by David Radzinowicz Howell]."
          }
        ]
      }
    },
    {
      "260": {
        "ind1": "\\",
        "ind2": "\\",
        "subfields": [
          {
            "a": "Munich ;"
          },
          {
            "a": "New York :"
          },
          {
            "b": "Prestel,"
          },
          {
            "c": "\u00a92000."
          }
        ]
      }
    },
    {
      "300": {
        "ind1": "\\",
        "ind2": "\\",
        "subfields": [
          {
            "a": "255 pages :"
          },
          {
            "b": "illustrations (some color), maps ;"
          },
          {
            "c": "32 cm"
          }
        ]
      }
    },
    {
      "336": {
        "ind1": "\\",
        "ind2": "\\",
        "subfields": [
          {
            "a": "text"
          },
          {
            "b": "txt"
          },
          {
            "2": "rdacontent"
          }
        ]
      }
    },
    {
      "337": {
        "ind1": "\\",
        "ind2": "\\",
        "subfields": [
          {
            "a": "unmediated"
          },
          {
            "b": "n"
          },
          {
            "2": "rdamedia"
          }
        ]
      }
    },
    {
      "338": {
        "ind1": "\\",
        "ind2": "\\",
        "subfields": [
          {
            "a": "volume"
          },
          {
            "b": "nc"
          },
          {
            "2": "rdacarrier"
          }
        ]
      }
    },
    {
      "500": {
        "ind1": "\\",
        "ind2": "\\",
        "subfields": [
          {
            "a": "Published on occasion of an exhibition held at the Mona Bismarck Foundation, Paris, France, and five other institutions between Sept. 10, 1998 and Nov. 5, 2002."
          }
        ]
      }
    },
    {
      "504": {
        "ind1": "\\",
        "ind2": "\\",
        "subfields": [
          {
            "a": "Includes bibliographical references (pages 242-251) and index."
          }
        ]
      }
    },
    {
      "505": {
        "ind1": "0",
        "ind2": "0",
        "subfields": [
          {
            "t": "Foreword /"
          },
          {
            "r": "Jean Paul Barbier --"
          },
          {
            "t": "The Universality of Shields /"
          },
          {
            "r": "Alain-Michel Boyer --"
          },
          {
            "t": "Form, Function and Context: Shields in the Barbier-Mueller Museum /"
          },
          {
            "r": "P. Benitez-Johannot --"
          },
          {
            "t": "Catalogue of Objects /"
          },
          {
            "r": "P. Benitez-Johannot and Jean Paul Barbier."
          },
          {
            "t": "Africa."
          },
          {
            "t": "Southeast Asia and Oceania."
          }
        ]
      }
    },
    {
      "610": {
        "ind1": "2",
        "ind2": "0",
        "subfields": [
          {
            "a": "Muse\u0301e Barbier-Mueller"
          },
          {
            "v": "Exhibitions."
          }
        ]
      }
    },
    {
      "650": {
        "ind1": "\\",
        "ind2": "0",
        "subfields": [
          {
            "a": "Shields"
          },
          {
            "z": "Africa"
          },
          {
            "v": "Exhibitions."
          }
        ]
      }
    },
    {
      "650": {
        "ind1": "\\",
        "ind2": "0",
        "subfields": [
          {
            "a": "Shields"
          },
          {
            "z": "Southeast Asia"
          },
          {
            "v": "Exhibitions."
          }
        ]
      }
    },
    {
      "650": {
        "ind1": "\\",
        "ind2": "0",
        "subfields": [
          {
            "a": "Shields"
          },
          {
            "z": "Oceania"
          },
          {
            "v": "Exhibitions."
          }
        ]
      }
    },
    {
      "650": {
        "ind1": "\\",
        "ind2": "0",
        "subfields": [
          {
            "a": "Shields"
          },
          {
            "z": "Switzerland"
          },
          {
            "z": "Geneva"
          },
          {
            "v": "Exhibitions."
          }
        ]
      }
    },
    {
      "610": {
        "ind1": "2",
        "ind2": "7",
        "subfields": [
          {
            "a": "Muse\u0301e Barbier-Mueller."
          },
          {
            "2": "fast"
          },
          {
            "0": "(OCoLC)fst00559544"
          }
        ]
      }
    },
    {
      "650": {
        "ind1": "\\",
        "ind2": "7",
        "subfields": [
          {
            "a": "Shields."
          },
          {
            "2": "fast"
          },
          {
            "0": "(OCoLC)fst01115918"
          }
        ]
      }
    },
    {
      "651": {
        "ind1": "\\",
        "ind2": "7",
        "subfields": [
          {
            "a": "Africa."
          },
          {
            "2": "fast"
          },
          {
            "0": "(OCoLC)fst01239509"
          }
        ]
      }
    },
    {
      "651": {
        "ind1": "\\",
        "ind2": "7",
        "subfields": [
          {
            "a": "Oceania."
          },
          {
            "2": "fast"
          },
          {
            "0": "(OCoLC)fst01242982"
          }
        ]
      }
    },
    {
      "651": {
        "ind1": "\\",
        "ind2": "7",
        "subfields": [
          {
            "a": "Southeast Asia."
          },
          {
            "2": "fast"
          },
          {
            "0": "(OCoLC)fst01240499"
          }
        ]
      }
    },
    {
      "651": {
        "ind1": "\\",
        "ind2": "7",
        "subfields": [
          {
            "a": "Switzerland"
          },
          {
            "z": "Geneva."
          },
          {
            "2": "fast"
          },
          {
            "0": "(OCoLC)fst01211819"
          }
        ]
      }
    },
    {
      "655": {
        "ind1": "\\",
        "ind2": "7",
        "subfields": [
          {
            "a": "Exhibition catalogs."
          },
          {
            "2": "fast"
          },
          {
            "0": "(OCoLC)fst01424028"
          }
        ]
      }
    },
    {
      "700": {
        "ind1": "1",
        "ind2": "\\",
        "subfields": [
          {
            "a": "Barbier-Mueller, Jean Paul,"
          },
          {
            "d": "1930-2016."
          }
        ]
      }
    },
    {
      "710": {
        "ind1": "2",
        "ind2": "\\",
        "subfields": [
          {
            "a": "Muse\u0301e Barbier-Mueller."
          }
        ]
      }
    },
    {
      "710": {
        "ind1": "2",
        "ind2": "\\",
        "subfields": [
          {
            "a": "Mona Bismarck Foundation."
          }
        ]
      }
    },
    {
      "776": {
        "ind1": "0",
        "ind2": "8",
        "subfields": [
          {
            "i": "Online version:"
          },
          {
            "a": "Benitez-Johannot, Purissima, 1955-"
          },
          {
            "s": "Boucliers d'Afrique, d'Asie du Sud-Est et d'Oce\u0301anie du muse\u0301e Barbier-Mueller. English."
          },
          {
            "t": "Shields."
          },
          {
            "d": "Munich ; New York : Prestel, \u00a92000"
          },
          {
            "w": "(OCoLC)664616763"
          }
        ]
      }
    },
    {
      "880": {
        "ind1": "\\",
        "ind2": "\\",
        "subfields": [
          {
            "6": "500-00/{dollar}1"
          },
          {
            "a": "\u5176\u4ed6\u9898\u540d:Africa, Southeas Asia and Oceania."
          }
        ]
      }
    },
    {
      "994": {
        "ind1": "\\",
        "ind2": "\\",
        "subfields": [
          {
            "a": "Z0"
          },
          {
            "b": "NYRVC"
          }
        ]
      }
    },
    {
      "948": {
        "ind1": "\\",
        "ind2": "\\",
        "subfields": [
          {
            "h": "NO HOLDINGS IN NYRVC - 277 OTHER HOLDINGS"
          }
        ]
      }
    },
    {
      "999": {
        "ind1": "\\",
        "ind2": "\\",
        "subfields": [
          {
            "a": "00000000011298"
          }
        ]
      }
    }
  ]
}